@article{verhulst1845loi,
  title={La loi dâ€™accroissement de la population},
  author={Verhulst, P},
  journal={Nouv. Mem. Acad. Roy. Soc. Belle-lettr. Bruxelles},
  volume={18},
  number={1},
  pages={1--38},
  year={1845}
}